<?xml version="1.0" encoding="UTF-8"?><collection xmlns="http://www.loc.gov/MARC21/slim"><record><leader>00383nam--2200133-i-4500</leader><controlfield tag="001">000015043</controlfield><controlfield tag="002">20161230</controlfield><controlfield tag="005">20161230201031</controlfield><controlfield tag="008">060222s1000------------r-----000-0-eng-d</controlfield><datafield ind1=" " ind2=" " tag="080"><subfield code="a">621.396.62(024)</subfield></datafield><datafield ind1=" " ind2=" " tag="100"><subfield code="a">Badarau, Theodor., Teodorescu,Virgil</subfield></datafield><datafield ind1=" " ind2=" " tag="245"><subfield code="a">Actualitati si tendinte in tehnica radiorecept oarelor</subfield></datafield><datafield ind1=" " ind2=" " tag="260"><subfield code="a">Bucuresti, Editura Tehnica, 1967. 196 P</subfield></datafield><datafield ind1=" " ind2=" " tag="852"><subfield code="a">76242</subfield></datafield></record></collection>